<?xml version="1.0" encoding="UTF-8"?><collection xmlns="http://www.loc.gov/MARC21/slim"><record><leader>00602nam--2200181-i-4500</leader><controlfield tag="001">000025641</controlfield><controlfield tag="002">20161230</controlfield><controlfield tag="005">20161230201036</controlfield><controlfield tag="008">060222s1000------------r-----000-0-eng-d</controlfield><datafield ind1=" " ind2=" " tag="040"><subfield code="a">IFIN-HH</subfield></datafield><datafield ind1=" " ind2=" " tag="080"><subfield code="a">533.951</subfield></datafield><datafield ind1="1" ind2=" " tag="110"><subfield code="a">Institute for Theoretical Physics</subfield></datafield><datafield ind1="1" ind2="0" tag="245"><subfield code="a">Second international congress on waves and instabilities in plasmas. march 17-21, 1975. innsbruck, austria. book of abstracts</subfield></datafield><datafield ind1=" " ind2=" " tag="260"><subfield code="a">Innsbruck, Herausgeber Universitat, 1975,</subfield></datafield><datafield ind1=" " ind2=" " tag="300"><subfield code="a">56P.+ IV</subfield></datafield><datafield ind1=" " ind2=" " tag="490"><subfield code="a">Veroffentlichungen der Universitat Innsbruck</subfield><subfield code="v">Vol. 96</subfield></datafield><datafield ind1=" " ind2=" " tag="852"><subfield code="a">77232</subfield></datafield><datafield ind1=" " ind2=" " tag="CAT"><subfield code="a">Sys</subfield><subfield code="c">20101002</subfield><subfield code="h">164929</subfield></datafield></record></collection>